1111111111111111111111111111111111111111111111111111111111111
sed -e "s/cat/dog/g" -e "s/Navy/Army/g" $infile > $outfile

2222222222222222222222222222222222222222222222222222222222222
cut -d':' -f1 /etc/passwd (or use awk)

3333333333333333333333333333333333333333333333333333333333333
sort -n -t: -k3 $filename | -d':' -f1

4444444444444444444444444444444444444444444444444444444444444
ls -1 $dirname | wc -l

5555555555555555555555555555555555555555555555555555555555555
rm -r $dirdel

6666666666666666666666666666666666666666666666666666666666666
touch -t "$filedate"1730 $newfile

7777777777777777777777777777777777777777777777777777777777777
cont=$(cat $fname)
if  [[$cont -lt 10]] ; then
  echo "single digit"
elif  [[$cont -lt 100]] ; then
  echo "double digit"
elif  [[$cont -lt 1000]] ; then
  echo "triple digit"
else
  echo "error"
fi

8888888888888888888888888888888888888888888888888888888888888
cat $src | grep -v $match > $dst
######grep -v $1 $3  > $2

9999999999999999999999999999999999999999999999999999999999999
pkill $procname orrrrrr killall $procname

1010101010101010101010101010101010101010101010101010101010101
find $dirpath -type f -mtime -1 | sort
